@InProceedings{sujet,
  author =       {Vincent Demoulin, Michel Pecot},
  title =        {Egalisation vectorielle pour signaux OFDM sans intervalle de garde},
  OPTcrossref =  {},
  OPTkey =       {},
  booktitle = {Seizième colloque Gretsi},
  year =      {1997},
  OPTeditor =    {},
  OPTvolume =    {},
  OPTnumber =    {},
  OPTseries =    {},
  OPTpages =     {},
  OPTmonth =     {},
  address =   {Grenoble},
  OPTorganization = {},
  OPTpublisher = {},
  OPTnote =      {},
  OPTannote =    {}
}
@Misc{def,
  OPTkey =       {},
  author =    {Wikipédia},
  title =     {Interférence inter-symbole},
  OPThowpublished = {},
  OPTmonth =     {},
  OPTyear =      {},
  OPTnote =      {},
  OPTannote =    {}
}
